
@article{shao_asymptotic_1997,
	title = {An {Asymptotic} {Theory} for {Linear} {Model} {Selection}},
	volume = {7},
	number = {2},
	journal = {Statistica Sinica},
	author = {Shao, Jun},
	month = apr,
	year = {1997},
	pages = {221--264},
}

@article{shao_linear_1993,
	title = {Linear {Model} {Selection} by {Cross}-validation},
	volume = {88},
	number = {422},
	journal = {Journal of the American Statistical Association},
	author = {Shao, Jun},
	month = jun,
	year = {1993},
	pages = {486--494},
}

@article{yang_consistency_2007,
	title = {Consistency of cross validation for comparing regression procedures},
	volume = {35},
	number = {6},
	journal = {The Annals of Statistics},
	author = {Yang, Yuhong},
	month = dec,
	year = {2007},
}
